@Misc{ Peersim,
  author = {M{\'a}rk Jelasity and Alberto Montresor and Gian~Paolo Jesi and Spyros Voulgaris},
  title = {The {Peersim} Simulator},
  note = {{\tt http://peersim.sf.net}}
}

@misc{ Cloudcast,
    author = {Alberto Montresor and Luca Abeni},
    title = {Cloudy Weather for P2P, with a Chance of Gossip},
    year = {}
}

@article{ Cyclon,
 author = {Spyros Voulgaris and Daniela Gavidia and Maarten Van Steen},
 title = {CYCLON: Inexpensive Membership Management for Unstructured P2P Overlays},
 journal = {Journal of Network and Systems Management},
 volume = {13},
 year = {2005},
 pages = {197--217},
 doi = {10.1007/s10922-005-4441-x},
 masid = {2153918}
}

@article{ GossipPeerSampling,
 author = {Jelasity, M\'{a}rk and Voulgaris, Spyros and Guerraoui, Rachid and Kermarrec, Anne-Marie and van Steen, Maarten},
 title = {Gossip-based peer sampling},
 journal = {ACM Trans. Comput. Syst.},
 volume = {25},
 issue = {3},
 month = {August},
 year = {2007},
 issn = {0734-2071},
 articleno = {8},
 url = {http://doi.acm.org/10.1145/1275517.1275520},
 doi = {http://doi.acm.org/10.1145/1275517.1275520},
 acmid = {1275520},
 publisher = {ACM},
 address = {New York, NY, USA},
 keywords = {Gossip-based protocols, epidemic protocols, peer sampling service},
}

@inproceedings{ EpidemicAlgorithms,
 author = {Demers, Alan and Greene, Dan and Hauser, Carl and Irish, Wes and Larson, John and Shenker, Scott and Sturgis, Howard and Swinehart, Dan and Terry, Doug},
 title = {Epidemic algorithms for replicated database maintenance},
 booktitle = {Proceedings of the sixth annual ACM Symposium on Principles of distributed computing},
 series = {PODC '87},
 year = {1987},
 isbn = {0-89791-239-X},
 location = {Vancouver, British Columbia, Canada},
 pages = {1--12},
 numpages = {12},
 url = {http://doi.acm.org/10.1145/41840.41841},
 doi = {http://doi.acm.org/10.1145/41840.41841},
 acmid = {41841},
 publisher = {ACM},
 address = {New York, NY, USA},
}

@inproceedings{ GRAPES,
 author = {Abeni, Luca and Kiraly, Csaba and Russo, Alessandro and Biazzini, Marco and Lo Cigno, Renato},
 title = {Design and implementation of a generic library for P2P streaming},
 booktitle = {Proceedings of the 2010 ACM workshop on Advanced video streaming techniques for peer-to-peer networks and social networking},
 series = {AVSTP2P '10},
 year = {2010},
 isbn = {978-1-4503-0169-5},
 location = {Firenze, Italy},
 pages = {43--48},
 numpages = {6},
 url = {http://doi.acm.org/10.1145/1877891.1877902},
 doi = {http://doi.acm.org/10.1145/1877891.1877902},
 acmid = {1877902},
 publisher = {ACM},
 address = {New York, NY, USA},
 keywords = {grapes, implementation, p2p streaming},
}

@misc{ AmazonS3DevGuide,
 author={Amazon Web Services LLC},
 howpublished={\url{http://aws.amazon.com/documentation/s3/}},
 title={Amazon {S}3 Developer Guide}
}

@misc{ PeerAssistedVoD,
    author = {Cheng Huang and et al.},
    title = {Peer-Assisted VoD: Making Internet Video Distribution Cheap},
    year = {}
}

@misc{ BitTorrentRobustness,
    author = {Bram Cohen},
    title = {Incentives Build Robustness in BitTorrent},
    year = {2003}
}

@TechReport{ AngelsInCloud,
    author = {Sweha, Raymond and Ishakian, Vatche and Bestavros, Azer},
    citeulike-article-id = {8268607},
    institution = {CS Department, Boston University},
    number = {BUCS-TR-2010-024},
    title = {Angels In The Cloud: A Peer-Assisted Bulk-Synchronous Content Distribution Service},
    year = {2010}
}

@inproceedings{ RapidCloudProvisioningLeaveragingP2P,
 author = {Chen, Zhijia and Zhao, Yang and Miao, Xin and Chen, Ying and Wang, Qingbo},
 title = {Rapid Provisioning of Cloud Infrastructure Leveraging Peer-to-Peer Networks},
 booktitle = {Proceedings of the 2009 29th IEEE International Conference on Distributed Computing Systems Workshops},
 series = {ICDCSW '09},
 year = {2009},
 isbn = {978-0-7695-3660-6},
 pages = {324--329},
 numpages = {6},
 url = {http://dx.doi.org/10.1109/ICDCSW.2009.35},
 doi = {http://dx.doi.org/10.1109/ICDCSW.2009.35},
 acmid = {1584695},
 publisher = {IEEE Computer Society},
 address = {Washington, DC, USA},
 keywords = {Cloud Computing, Provision, Peer-to-Peer, BitTorrent},
}

@inproceedings{ PeerAssistredOnlineDataBackup,
 doi =         {10.1109/P2P.2010.5570003 },
 year =        {2010},
 title =       {Online data backup : a peer-assisted approach},
 author =      {Toka, Laszlo and  Dell amico, Matteo and Michiardi, Pietro},
 booktitle =   {P2P'10, 10th IEEE International Conference on Peer-to-Peer Computing, August 25-27, 2010, Delft, The Netherlands},
 month =       {08}
}

@inproceedings{ AmazingStore,
  author = {Zhi Yang and Ben Y. Zhao and Yuanjian Xing and Song Ding and Feng Xiao and Yafei Dai},
  title = {AmazingStore: Available, Low-cost Online Storage Service Using Cloudlets},
  booktitle = {Peer-to-Peer Systems},
  year = {2010},
  masid = {13492553}
}

@MastersThesis{ P2PVPN,
  author =       {Wolfgang Ginolas},
  title =        {Aufbau eines virtuellen privaten Netzes mit Peer-to-Peer-Technologie},
  school =       {Fachhochschule Wedel},
  year =         {2009},
}

@misc{ GnutellaWebCache,
 author={Hauke DÃ¤mpfling},
 howpublished={\url{http://www.gnucleus.org/gwebcache/specs.html}},
 title={Gnutella Web Caching System}
}

@inproceedings { BootstrappingP2P,
 author = {Chris GauthierDickey and Christian Grothoff},
 title = {Bootstrapping of Peer-to-Peer Networks},
 journal = {International Workshop on Dependable and Sustainable Peer-to-Peer Systems},
 year = {2008},
 publisher = {IEEE}
}

@inproceedings{ BootstrappingP2PLocality,
    author = {Curt Cramer and Kendy Kutzner and Thomas Fuhrmann},
    title = {Bootstrapping locality-aware P2P networks},
    booktitle = {in: The IEEE International Conference on Networks (ICON},
    year = {2004},
    pages = {357--361}
}

@inproceedings{DecentralizedBootstrappingP2P,
  title = {Decentralized Bootstrapping of P2P Systems: A Practical View},
  author = {Jochen Dinger and Oliver P. Waldhorst},
  year = {2009},
  tags = {p2p},
  researchr = {http://researchr.org/publication/DingerW09},
  cites = {0},
  citedby = {0},
  pages = {703-715},
  booktitle = {NETWORKING 2009, 8th International IFIP-TC 6 Networking Conference, Aachen, Germany, May 11-15, 2009. Proceedings},
  editor = {Luigi Fratta and Henning Schulzrinne and Yutaka Takahashi and Otto Spaniol},
  volume = {5550},
  series = {Lecture Notes in Computer Science},
  publisher = {Springer},
  isbn = {978-3-642-01398-0},
}

@inproceedings{DecentralizedBootstrapping,
  author    = {Mirko Knoll and
               Arno Wacker and
               Gregor Schiele and
               Torben Weis},
  title     = {Decentralized Bootstrapping in Pervasive Applications},
  booktitle = {PerCom Workshops},
  year      = {2007},
  pages     = {589-592},
}

@inproceedings{ P2PFeedDelivery,
  author    = {Anwitaman Datta and Liu Xin},
  title     = {Reliable P2P Feed Delivery},
  booktitle = {CCGRID},
  year      = {2009},
  pages     = {156-163},
  ee        = {http://doi.ieeecomputersociety.org/10.1109/CCGRID.2009.32},
}

@article { AttackResilientP2PFeedDissemination,
   author = {Liu, Xin and Datta, Anwitaman},
   affiliation = {School of Computer Engineering, Nanyang Technological University, Block N4, Room #B3b-13, Centre for Advanced Information Systems - NGII annexe, Singapore, 639798 Singapore},
   title = {Attack resilient P2P dissemination of RSS feed},
   journal = {Peer-to-Peer Networking and Applications},
   publisher = {Springer New York},
   issn = {1936-6442},
   keyword = {Engineering},
   pages = {309-324},
   volume = {4},
   issue = {3},
   year = {2011}
}

@incollection { SimpleSecurityP2PFeedDissemination,
   author = {Datta, Anwitaman and Xin, Liu},
   affiliation = {School of Computer Engineering, NTU Singapore},
   title = {Really Simple Security for P2P Dissemination of Really Simple Syndication},
   booktitle = {On the Move to Meaningful Internet Systems: OTM 2008 Workshops},
   series = {Lecture Notes in Computer Science},
   editor = {Meersman, Robert and Tari, Zahir and Herrero, Pilar},
   publisher = {Springer Berlin / Heidelberg},
   isbn = {},
   pages = {16-17},
   volume = {5333},
   year = {2008}
}


@misc{ ExceptionDebate,
 author={Brian Goetz},
 howpublished={\url{http://www.ibm.com/developerworks/java/library/j-jtp05254/index.html}},
 title={Java theory and practice: The exceptions debate}
}

@misc{ EckelCheckedException,
 author={Bruce Eckel},
 howpublished={\url{http://www.mindview.net/Etc/Discussions/CheckedExceptions}},
 title={Does Java need Checked Exceptions?}
}

@book{ JNIGuide,
 author = {Liang, Sheng},
 title = {Java Native Interface: Programmer's Guide and Reference},
 year = {1999},
 isbn = {0201325772},
 edition = {1st},
 publisher = {Addison-Wesley Longman Publishing Co., Inc.},
 address = {Boston, MA, USA},
}

@misc{ JDK5Documentation,
 author={Oracle},
 howpublished={\url{http://download.oracle.com/javase/1.5.0/docs/}},
 title={{JDK}\texttrademark 5.0 Documentation}
}

@misc{ LibS3,
 author={Bryan Ischo},
 howpublished={\url{http://libs3.ischo.com/index.html}},
 title={The libs3 {C} {L}ibrary {API} for {A}mazon {S}3}
}

@misc{ MySQLConnectorC,
 author={Oracle},
 howpublished={\url{http://dev.mysql.com/downloads/connector/c/}},
 title={My{SQL} {C}onnector/{C}}
}

@misc{ MySQLConnectorJava,
 author={Oracle},
 howpublished={\url{http://dev.mysql.com/downloads/connector/j/3.1.html}},
 title={My{SQL} {C}onnector/{J}}
}

@misc{ AWS4Java,
 author={Amazon Web Services LLC},
 howpublished={\url{http://aws.amazon.com/sdkforjava/}},
 title={{AWS} {SDK} for {J}ava}
}
